00506cas a22002051a 4500
001 9917737293502836
003 Nz
005 20210625103527.0
008 031218m1864uuuunz  r ne      000 0 eng d
035    $a (Nz)8131201
035    $a (NLNZils)1773729-ilsdb
040    $a WN $c WN
042    $a nznb
043    $a u-nz---
245 00 $a Auckland evening post.
260    $a Auckland [N.Z.]
310    $a Daily
362 0  $a 1864 Nov.29-?
651  0 $a Auckland (N.Z.) $v Newspapers.
655  7 $a New Zealand newspapers. $2 local $5 Nz
